% Encoding: UTF-8

@Misc{1706.03762,
  author = {Ashish Vaswani and Noam Shazeer and Niki Parmar and Jakob Uszkoreit and Llion Jones and Aidan N. Gomez and Lukasz Kaiser and Illia Polosukhin},
  title  = {Attention Is All You Need},
  year   = {2017},
  eprint = {arXiv:1706.03762},
}

@InProceedings{Mccowan05theami,
  author    = {I. Mccowan and G. Lathoud and M. Lincoln and A. Lisowska and W. Post and D. Reidsma and P. Wellner},
  title     = {The AMI Meeting Corpus},
  booktitle = {In: Proceedings Measuring Behavior 2005, 5th International Conference on Methods and Techniques in Behavioral Research. L.P.J.J. Noldus, F. Grieco, L.W.S. Loijens and P.H. Zimmerman (Eds.), Wageningen: Noldus Information Technology},
  year      = {2005},
}

@InProceedings{Janin,
  author    = {A. Janin and D. Baron and J. Edwards and D. Ellis and D. Gelbart and N. Morgan and B. Peskin and T. Pfau and E. Shriberg and A. Stolcke and C. Wooters},
  title     = {The {ICSI} Meeting Corpus},
  booktitle = {2003 {IEEE} International Conference on Acoustics, Speech, and Signal Processing, 2003. Proceedings. ({ICASSP} {\textquotesingle}03).},
  year      = {2003},
  publisher = {{IEEE}},
  doi       = {10.1109/icassp.2003.1198793},
}

@Article{devlin2018bert,
  author  = {Devlin, Jacob and Chang, Ming-Wei and Lee, Kenton and Toutanova, Kristina},
  title   = {BERT: Pre-training of Deep Bidirectional Transformers for Language Understanding},
  journal = {arXiv preprint arXiv:1810.04805},
  year    = {2018},
}

@Comment{jabref-meta: databaseType:bibtex;}
